@article{Ref1,
  author={Ahmed, Maryam Gaber and Zaghloul, Ibrahim and Abd El Fattah, Mohamed Taha},
  title={A survey on personalization of diabetes treatment using artificial intelligence techniques},
  journal={Benha Journal of Applied Sciences},
  volume={8},
  number={5},
  pages={229--236},
  year={2023},
  publisher={Benha University}
}

@article{Ref2,
  author={Fregoso-Aparicio, Luis and Noguez, Julieta and Montesinos, Luis and Garc{\'\i}a-Garc{\'\i}a, Jos{\'e} A},
  title={Machine learning and deep learning predictive models for type 2 diabetes: a systematic review},
  journal={Diabetology \& metabolic syndrome},
  volume={13},
  number={1},
  pages={148},
  year={2021},
  publisher={Springer}
}

@article{Ref3,
  author={Afsaneh, Elaheh and Sharifdini, Amin and Ghazzaghi, Hadi and Ghobadi, Mohadeseh Zarei},
  title={Recent applications of machine learning and deep learning models in the prediction, diagnosis, and management of diabetes: a comprehensive review},
  journal={Diabetology \& Metabolic Syndrome},
  volume={14},
  number={1},
  pages={196},
  year={2022},
  publisher={Springer}
}

@article{Ref4,
  author={Jakka, Aishwarya and Vakula Rani, J},
  title = {Performance Evaluation of Machine Learning Models for Diabetes Prediction},
  journal={Int. J. Innov. Technol. Explor. Eng.(IJITEE)},
  volume={8},
  number={11},
  pages={10--35940},
  year={2019}
}

@article{Ref5,
    author={Khalifa, Mohamed and Albadawy, Mona},
    title = {Artificial intelligence for diabetes: Enhancing prevention, diagnosis, and effective management},
    journal={Computer Methods and Programs in Biomedicine Update},
  pages={100141},
  year={2024},
  publisher={Elsevier}
}

@book{Ref6,
    author = {Hosmer Jr, David W and Lemeshow, Stanley and Sturdivant, Rodney X},
    title = {Applied logistic regression},
    publisher = {John Wiley \& Sons},
    year = {2013}
}

@inproceedings{Ref7,
    author = {Al Jarullah, Asma A},
    title = {Decision tree discovery for the diagnosis of type II diabetes},
    booktitle={2011 International conference on innovations in information technology},
  pages={303--307},
  year={2011},
  organization={IEEE}
}

@article{Ref8,
    author = {Yu, Wei and Tiebin Liu and Rodolfo Valdez and Marta Gwinn and Muin J. Khoury},
    title = {Application of support vector machine modeling for prediction of common diseases: the case of diabetes and pre-diabetes},
    journal={BMC medical informatics and decision making},
  volume={10},
  pages={1--7},
  year={2010},
  publisher={Springer}
}

@article{Ref9,
    author = {Hartigan, John A. and Manchek A. Wong},
    title = {Algorithm AS 136: A k-means clustering algorithm},
    journal={Journal of the royal statistical society. series c (applied statistics)},
  volume={28},
  number={1},
  pages={100--108},
  year={1979},
  publisher={JSTOR}
}

%rticle{Ref10,
%    author = {Abdi, Hervé and Lynne J. Williams},
%    title = {Principal component analysis},
%    journal = {Wiley interdisciplinary reviews: computational statistics},
%    volume = {2},
%    number = {4},
%    year = {2010}
%}

@article{Ref10,
    author = {Watkins, Christopher JCH and Peter Dayan},
    title = {Q-learning},
    journal = {Machine learning},
  volume={8},
  pages={279--292},
  year={1992},
  publisher={Springer}
}

%inproceedings{Ref12,
%    author = {Zhaoran Wang and Yuchen Xie and Zhuoran Yang},
%    title = {A theoretical analysis of deep Q-learning},
%    booktitle = {Learning for dynamics and control},
%    organization = {PMLR},
%    year = {2020}
%}

@article{Ref11,
    author = {Biau, Gérard and Erwan Scornet},
    title = {A random forest guided tour},
    journal={Test},
  volume={25},
  pages={197--227},
  year={2016},
  publisher={Springer}
}

@article{Ref12,
    author = {Friedman, Jerome H},
    title = {Greedy function approximation: a gradient boosting machine},
    journal={Annals of statistics},
  pages={1189--1232},
  year={2001},
  publisher={JSTOR}
}

@inproceedings{Ref13,
    author = {Chen, Tianqi and Carlos Guestrin},
    title = {Xgboost: A scalable tree boosting system},
    booktitle={Proceedings of the 22nd acm sigkdd international conference on knowledge discovery and data mining},
  pages={785--794},
  year={2016}
}

@article{Ref14,
  title={Using AUC and accuracy in evaluating learning algorithms},
  author={Huang, Jin and Ling, Charles X},
  journal={IEEE Transactions on knowledge and Data Engineering},
  volume={17},
  number={3},
  pages={299--310},
  year={2005},
  publisher={IEEE}
}

@article{Ref15,
    title={Machine learning and deep learning predictive models for type 2 diabetes: a systematic review},
    author={Chaki, Anindita and Dey, Nilanjan and Dogra, Deepak P},
    journal={Diabetology \& Metabolic Syndrome},
    volume={14},
    pages={1--21},
    year={2022},
    publisher={BioMed Central}
}

@article{Ref16,
    title={Prediction of diabetes disease using an ensemble of machine learning multi-classifier models},
    author={Siva, Nithin and Jayaram, G K},
    journal={BMC Bioinformatics},
    volume={22},
    number={1},
    pages={1--12},
    year={2021},
    publisher={BioMed Central}
}

@article{Ref17,
    author={Wu, Huijuan and Yang, Sheng and Huang, Zhi and He, Jie and Wang, Xiaoyun},
    title={Type 2 diabetes mellitus prediction model based on data mining},
    journal={Informatics in Medicine Unlocked},
    volume={10},
    pages={100--107},
    year={2021},
    publisher={Elsevier}
}

@incollection{Ref18,
author={Ahmad, Ahmad AL and Mohamed, Ahmed A},
  title={Artificial Intelligence and Machine Learning Techniques in the Diagnosis of Type I Diabetes: Case Studies},
  booktitle={Artificial Intelligence and Autoimmune Diseases: Applications in the Diagnosis, Prognosis, and Therapeutics},
  pages={289--302},
  year={2024},
  publisher={Springer}
}